@inproceedings{mubarak2018dial2msa,
  title={Dial2msa: A tweets corpus for converting dialectal arabic to modern standard arabic},
  author={Mubarak, Hamdy},
  booktitle={Proceedings of the Eleventh International Conference on Language Resources and Evaluation (LREC 2018), OSACT2018 Workshop},
  pages={49--53},
  year={2018}
}

@inproceedings{meftouh2015machine,
  title={Machine translation experiments on PADIC: A parallel Arabic dialect corpus},
  author={Meftouh, Karima and Harrat, Salima and Jamoussi, Salma and Abbas, Mourad and Smaili, Kamel},
  booktitle={The 29th Pacific Asia conference on language, information and computation},
  year={2015}
}
@article{harrat2016algerian,
  title={An Algerian dialect: Study and resources},
  author={Harrat, Salima and Meftouh, Karima and Abbas, Mourad and Hidouci, Walid-Khaled and Smaili, Kamel},
  journal={International journal of advanced computer science and applications (IJACSA)},
  volume={7},
  number={3},
  pages={384--396},
  year={2016}
}
@article{ott2019fairseq,
  title={fairseq: A fast, extensible toolkit for sequence modeling},
  author={Ott, Myle and Edunov, Sergey and Baevski, Alexei and Fan, Angela and Gross, Sam and Ng, Nathan and Grangier, David and Auli, Michael},
  journal={arXiv preprint arXiv:1904.01038},
  year={2019}
}
@inproceedings{tachicart2014hybrid,
  title={A hybrid approach to translate Moroccan Arabic dialect},
  author={Tachicart, Ridouane and Bouzoubaa, Karim},
  booktitle={2014 9th International Conference on Intelligent Systems: Theories and Applications (SITA-14)},
  pages={1--5},
  year={2014},
  organization={IEEE}
}
@article{luong2014addressing,
  title={Addressing the rare word problem in neural machine translation},
  author={Luong, Minh-Thang and Sutskever, Ilya and Le, Quoc V and Vinyals, Oriol and Zaremba, Wojciech},
  journal={arXiv preprint arXiv:1410.8206},
  year={2014}
}

@inproceedings{mahgouba2015translator,
  title={A translator for arabic dialects to modern standard Arabic},
  author={Mahgouba, Hossam ElDin and Shaabanb, Yasser},
  booktitle={The International Workshop on Computers and Information Sciences (WCIS), At Tabuk, Kingdom of Saudi Arabia},
  year={2015}
}
@article{zhang2015deep,
  title={Deep Neural Networks in Machine Translation: An Overview.},
  author={Zhang, Jiajun and Zong, Chengqing and others},
  journal={IEEE Intell. Syst.},
  volume={30},
  number={5},
  pages={16--25},
  year={2015}
}
@inproceedings{bouamor2014multidialectal,
  title={A Multidialectal Parallel Corpus of Arabic.},
  author={Bouamor, Houda and Habash, Nizar and Oflazer, Kemal},
  booktitle={LREC},
  pages={1240--1245},
  year={2014}
}
@inproceedings{kchaou2020parallel,
  title={Parallel resources for Tunisian Arabic dialect translation},
  author={Kchaou, Sam{\'e}h and Boujelbane, Rahma and Belguith, Lamia Hadrich},
  booktitle={Proceedings of the Fifth Arabic Natural Language Processing Workshop},
  pages={200--206},
  year={2020}
}
@article{khosla2018survey,
  title={A SURVEY REPORT ON THE EXISTING METHODS OF BUILDING A PARALLEL CORPUS.},
  author={Khosla, Sonal and Acharya, Haridasa},
  journal={International Journal of Advanced Research in Computer Science},
  volume={9},
  number={4},
  year={2018}
}
@inproceedings{harrat2014building,
  title={Building resources for algerian arabic dialects},
  author={Harrat, Salima and Meftouh, Karima and Abbas, Mourad and Smaili, Kamel},
  booktitle={15th Annual Conference of the International Communication Association Interspeech},
  year={2014}
}
@misc{shen2017style,
      title={Style Transfer from Non-Parallel Text by Cross-Alignment}, 
      author={Tianxiao Shen and Tao Lei and Regina Barzilay and Tommi Jaakkola},
      year={2017},
      eprint={1705.09655},
      archivePrefix={arXiv},
      primaryClass={cs.CL}
}